@MISC{search,
 AUTHOR={Spotify},
 TITLE={Advanced search - Learn more/General Questions - Spotify},
 HOWPUBLISHED={\url{https://support.spotify.com/pt/learn-more/faq/#!/article/Advanced-search1}},
 NOTE = {Acedido em Outubro, 2014}
}

@MISC{wikispot,
 AUTHOR={Wikipedia},
 TITLE={Spotify},
 HOWPUBLISHED={\url{http://pt.wikipedia.org/wiki/Spotify/}},
 NOTE = {Acedido em Outubro, 2014}
}

@MISC{wikiecho,
 AUTHOR={Wikipedia},
 TITLE={The Echo Nest},
 HOWPUBLISHED={\url{http://en.wikipedia.org/wiki/The_Echo_Nest}},
 NOTE = {Acedido em Outubro, 2014}
}

@MISC{partners,
 AUTHOR={The Echo Nest},
 TITLE={Echo Nest API Overview},
 HOWPUBLISHED={\url{http://developer.echonest.com/docs/v4/}},
 NOTE = {Acedido em Outubro, 2014}
}

@MISC{songm,
 AUTHOR={SongMeanings},
 TITLE={Song Lyrics, Song Meanings \& More at SongMeanings},
 HOWPUBLISHED={\url{http://songmeanings.com/about/}},
 NOTE = {Acedido em Outubro, 2014}
}

@MISC{youtube,
 AUTHOR={Wikipedia},
 TITLE={Youtube},
 HOWPUBLISHED={\url{http://en.wikipedia.org/wiki/YouTube}},
 NOTE = {Acedido em Outubro, 2014}
}

